[
  {
    "__type__": "cc.Prefab",
    "_name": "",
    "_objFlags": 0,
    "_native": "",
    "data": {
      "__id__": 1
    },
    "optimizationPolicy": 0,
    "asyncLoadAssets": false,
    "readonly": false
  },
  {
    "__type__": "cc.Node",
    "_name": "bell4",
    "_objFlags": 0,
    "_parent": null,
    "_children": [],
    "_active": true,
    "_components": [
      {
        "__id__": 2
      },
      {
        "__id__": 3
      },
      {
        "__id__": 4
      },
      {
        "__id__": 5
      }
    ],
    "_prefab": {
      "__id__": 6
    },
    "_opacity": 255,
    "_color": {
      "__type__": "cc.Color",
      "r": 255,
      "g": 255,
      "b": 255,
      "a": 255
    },
    "_contentSize": {
      "__type__": "cc.Size",
      "width": 48,
      "height": 72
    },
    "_anchorPoint": {
      "__type__": "cc.Vec2",
      "x": 0.5,
      "y": 0.5
    },
    "_trs": {
      "__type__": "TypedArray",
      "ctor": "Float64Array",
      "array": [
        180,
        500,
        0,
        0,
        0,
        0,
        1,
        1,
        1,
        1
      ]
    },
    "_eulerAngles": {
      "__type__": "cc.Vec3",
      "x": 0,
      "y": 0,
      "z": 0
    },
    "_skewX": 0,
    "_skewY": 0,
    "_is3DNode": false,
    "_groupIndex": 2,
    "groupIndex": 2,
    "_id": ""
  },
  {
    "__type__": "cc.Sprite",
    "_name": "",
    "_objFlags": 0,
    "node": {
      "__id__": 1
    },
    "_enabled": true,
    "_materials": [
      {
        "__uuid__": "eca5d2f2-8ef6-41c2-bbe6-f9c79d09c432"
      }
    ],
    "_srcBlendFactor": 770,
    "_dstBlendFactor": 771,
    "_spriteFrame": {
      "__uuid__": "28d2a184-d120-4df4-a03f-34a10d7a0e98"
    },
    "_type": 0,
    "_sizeMode": 0,
    "_fillType": 0,
    "_fillCenter": {
      "__type__": "cc.Vec2",
      "x": 0,
      "y": 0
    },
    "_fillStart": 0,
    "_fillRange": 0,
    "_isTrimmedMode": false,
    "_atlas": null,
    "_id": ""
  },
  {
    "__type__": "cc.Animation",
    "_name": "",
    "_objFlags": 0,
    "node": {
      "__id__": 1
    },
    "_enabled": true,
    "_defaultClip": {
      "__uuid__": "3550bbb1-4e35-4b6f-b7e2-cce0cf3a2197"
    },
    "_clips": [
      {
        "__uuid__": "3550bbb1-4e35-4b6f-b7e2-cce0cf3a2197"
      }
    ],
    "playOnLoad": true,
    "_id": ""
  },
  {
    "__type__": "cc.PolygonCollider",
    "_name": "",
    "_objFlags": 0,
    "node": {
      "__id__": 1
    },
    "_enabled": true,
    "tag": 0,
    "_offset": {
      "__type__": "cc.Vec2",
      "x": 0,
      "y": 0
    },
    "points": [
      {
        "__type__": "cc.Vec2",
        "x": -3.6000000000000014,
        "y": 12
      },
      {
        "__type__": "cc.Vec2",
        "x": -3.6000000000000014,
        "y": 9.600000000000001
      },
      {
        "__type__": "cc.Vec2",
        "x": -7.199999999999999,
        "y": 8.399999999999999
      },
      {
        "__type__": "cc.Vec2",
        "x": -9.600000000000001,
        "y": 4.799999999999997
      },
      {
        "__type__": "cc.Vec2",
        "x": -12,
        "y": -13.2
      },
      {
        "__type__": "cc.Vec2",
        "x": 1.1999999999999993,
        "y": -14.400000000000002
      },
      {
        "__type__": "cc.Vec2",
        "x": 12,
        "y": -10.8
      },
      {
        "__type__": "cc.Vec2",
        "x": 8.399999999999999,
        "y": -4.800000000000001
      },
      {
        "__type__": "cc.Vec2",
        "x": 8.399999999999999,
        "y": -1.2000000000000028
      },
      {
        "__type__": "cc.Vec2",
        "x": 6,
        "y": 0
      },
      {
        "__type__": "cc.Vec2",
        "x": 4.799999999999997,
        "y": 7.199999999999996
      }
    ],
    "_id": ""
  },
  {
    "__type__": "ccb69dew1tA+qWWm24H4+3I",
    "_name": "",
    "_objFlags": 0,
    "node": {
      "__id__": 1
    },
    "_enabled": true,
    "speedY": -1,
    "_id": ""
  },
  {
    "__type__": "cc.PrefabInfo",
    "root": {
      "__id__": 1
    },
    "asset": {
      "__uuid__": "a89edf20-a64e-462e-a3c6-5f5d4e5ac320"
    },
    "fileId": "",
    "sync": false
  }
]